<?xml version="1.0" encoding="UTF-8"?><collection><record><leader>07954ntm a2200769 a 4500</leader><controlfield tag="001">006805276</controlfield><controlfield tag="003">MiAaHDL</controlfield><controlfield tag="005">20190719000000.0</controlfield><controlfield tag="006">m        d        </controlfield><controlfield tag="007">cr bn ---auaua</controlfield><controlfield tag="008">090530s1751    xx            00| ||ara d</controlfield><datafield tag="035" ind1=" " ind2=" "><subfield code="a">(MiU)006805276</subfield></datafield><datafield tag="035" ind1=" " ind2=" "><subfield code="a">sdr-miu006805276</subfield></datafield><datafield tag="040" ind1=" " ind2=" "><subfield code="a">MiU</subfield><subfield code="c">MiU</subfield><subfield code="e">amremm</subfield></datafield><datafield tag="043" ind1=" " ind2=" "><subfield code="a">n-us-mi</subfield></datafield><datafield tag="100" ind1="1" ind2=" "><subfield code="6">880-01</subfield><subfield code="a">Kisāʼī, Muḥammad ibn ʻAbd Allāh,</subfield><subfield code="d">active 11th century.</subfield></datafield><datafield tag="240" ind1="1" ind2="0"><subfield code="6">880-02</subfield><subfield code="a">Qiṣaṣ al-anbiyāʼ</subfield></datafield><datafield tag="245" ind1="1" ind2="0"><subfield code="6">880-03</subfield><subfield code="a">[Hādhā Kitāb Qiṣaṣ al-anbiyāʼ ...etc.,</subfield><subfield code="f">1164, i.e. 1751].</subfield></datafield><datafield tag="260" ind1=" " ind2=" "><subfield code="c">[1751].</subfield></datafield><datafield tag="300" ind1=" " ind2=" "><subfield code="a">210 leaves :</subfield><subfield code="b">paper ;</subfield><subfield code="c">210 x 167 (156 x 86) mm.</subfield></datafield><datafield tag="500" ind1=" " ind2=" "><subfield code="a">Shelfmark: Ann Arbor, University of Michigan, Special Collections Library, Isl. Ms. 590</subfield></datafield><datafield tag="500" ind1=" " ind2=" "><subfield code="a">Origin: As appears in colophon at close of Qiṣaṣ al-anbiyāʼ (p.402), copied by Ibrāhīm ibn Muṣṭafá with transcription completed 23 Rajab 1164 [ca. 17 June 1751]. Transcription of Qiṣṣat Aṣḥāb al-Kahf contemporary.</subfield></datafield><datafield tag="500" ind1=" " ind2=" "><subfield code="a">Accompanying materials: Acquisitions slip from Yahuda.</subfield></datafield><datafield tag="500" ind1=" " ind2=" "><subfield code="a">Former shelfmark: From inner front cover and fore edge flap label, "IL 278a" (likely supplied by Yahuda, see acquisitions slip).</subfield></datafield><datafield tag="500" ind1=" " ind2=" "><subfield code="a">Binding: Pasteboards covered in dark red leather ; Type II binding (with flap) ; board linings in untinted laid paper, hinges in printed mottle paper, envelope flap lined in marbled paper (mainly lime green, pin, and dark lavender) ; upper and lower covers carry blind-stamped mandorla (filled with vegetal decoration, compare Déroche class. NSd 7) with tooled rosette pendants and accents, as well as tooled border in a series of s-shaped stamps flanked by blind rules ; sewn in white thread, two stations ; worked chevron endbands in white and red, good condition ; overall in fair condition with some abrasion, lifting and minor losses of leather on upper board, etc. ; spine repair in cream textile (linen), holding detached upper cover to textblock.</subfield></datafield><datafield tag="500" ind1=" " ind2=" "><subfield code="a">Support: European laid paper with 10 laid lines per cm. (vertical), chain lines spaced 23 mm. apart (horizontal), and watermarks of crown with name and grapes below (see p.8, 10, etc.), "LANGUADOC" (see p.24, 28, etc.), etc. ; beige in color, thin and crisp though dense and sturdy, well-burnished to glossy.</subfield></datafield><datafield tag="500" ind1=" " ind2=" "><subfield code="a">Decoration: Keywords and section headings rubricated ; overlining in red ; simple headpiece at opening of Qiṣṣat Aṣḥāb al-Kahf on p.40, consisting of red, line-drawn semi-circular pieces ; textual dividers in the form of red discs ; written area throughout surrounded by red rule-border.</subfield></datafield><datafield tag="500" ind1=" " ind2=" "><subfield code="a">Script: Naskh ; an elegant Iraqi [?] hand with Turkish and Persianate features ; partially but irregularly seriffed with right-sloping head-serifs, marked effect of tilt to the left, elongation of horizontal strokes, curvilinear descenders, pointing mainly in conjoined dots.</subfield></datafield><datafield tag="500" ind1=" " ind2=" "><subfield code="a">Layout: Written in 21 lines per page ; frame-ruled.</subfield></datafield><datafield tag="500" ind1=" " ind2=" "><subfield code="a">Collation: i, I+1 (3), V-1 (12), 2 V(32), 2 IV+1 (50), 16 V(210) ; chiefly quinions ; final leaves left blank ; catchwords present ; foliation in black ink, Hindu-Arabic numerals ; pagination in pencil, Western numerals, supplied during digitization (includes leaves carrying table of contents and excludes final leaves left blank).</subfield></datafield><datafield tag="500" ind1=" " ind2=" "><subfield code="a">Colophon: [Qiṣaṣ al-anbiyāʼ] "تم الكتاب بعون الله الملك الوهاب من يد الحقير المعترف بالعجز والتقصير [..؟] ابراهيم بن مصطفى غفر الله ذنوبهما في ٢٣ ر سنة ١١٦٤"</subfield></datafield><datafield tag="500" ind1=" " ind2=" "><subfield code="a">Explicit: [Qiṣaṣ al-anbiyāʼ] "وانما صح ان الموصل قبلت وانما يحتمل ان الله تع اهلكم بكفرهم والله اعلم بالصواب واليه المرجع والمآب" [Qiṣṣat Aṣḥāb al-kahf] ; "وقالت اليهود هم منا وذكر انه كان في تلك الزمان ملك مؤمن وملك كافر فتقاتلوا فغلب ملك المؤمن على الكافر فبنى عليهم مسجدا وتصديق ذلك في كتار الله تع قال الذين غلبوا على امرهم لنتخدن عليهم مسجدا م م م"</subfield></datafield><datafield tag="500" ind1=" " ind2=" "><subfield code="a">Incipit: [Qiṣaṣ al-anbiyāʼ] "قال الشيخ الامام محمد بن عبد الله الكسائي رحمه الله تعالى الحمد لله الذي انبت الخلق نباتا ... هذا كتاب جمعت فيه المبتدات من خلق السموات والارضين وخلق الجن والانس واوائل احوال النبيين عليهم السلام ..." ; [Qiṣṣat Aṣḥāb al-kahf] "سئل عن ابن عباس رضي الله عنه اي اية في كتاب الله تعالى اعجب قال الايات اللتي تكلم الله بها وسميها عجبا قيل ما هي قال قوله تع ان اصحاب الكهف والرقيم كانوا من آياتنا عجبا ...""</subfield></datafield><datafield tag="500" ind1=" " ind2=" "><subfield code="a">Title from 'title page' (p.7).</subfield></datafield><datafield tag="500" ind1=" " ind2=" "><subfield code="a">Ms. codex.</subfield></datafield><datafield tag="505" ind1="0" ind2=" "><subfield code="a">4. p.404-p.414 : Qiṣṣat Aṣḥāb Ahl al-kahf [i.e. Qiṣṣat Aṣḥāb al-kahf] / ʻAbd Allāh ibn ʻAbbās ibn ʻAbd al-Muṭṭalib al-Qurashī al-Hāshimī.</subfield></datafield><datafield tag="505" ind1="0" ind2=" "><subfield code="a">3. p.403 : [blank].</subfield></datafield><datafield tag="505" ind1="0" ind2=" "><subfield code="a">2. p.7-p.402 : Hādhā Kitāb Qiṣaṣ al-anbiyāʼ / Muḥammad ibn ʻAbd Allāh al-Kisāʼī.</subfield></datafield><datafield tag="505" ind1="0" ind2=" "><subfield code="a">1. p.1-p.6 : [table of contents].</subfield></datafield><datafield tag="510" ind1="4" ind2=" "><subfield code="a">Paret, R. "Aṣḥāb al-Kahf." EI2.</subfield></datafield><datafield tag="510" ind1="4" ind2=" "><subfield code="a">Brockelmann, C. GAL,</subfield><subfield code="c">I 190 ; S I 331</subfield></datafield><datafield tag="510" ind1="4" ind2=" "><subfield code="a">Nagel, T. "al-Kisāʾī, Ṣāḥib Ḳiṣaṣ al-Anbiyāʾ." EI2,</subfield><subfield code="c">vol. V, p.176, col.1</subfield></datafield><datafield tag="510" ind1="4" ind2=" "><subfield code="a">Brockelmann, C. GAL,</subfield><subfield code="c">I 350</subfield></datafield><datafield tag="520" ind1="8" ind2=" "><subfield code="a">Elegant copy of the famous work on the creation and legends of the prophets prior to Muḥammad, followed by the relation of the legend of the Companions of the Cave (Seven Sleepers of Ephesus) attributed to Ibn ʻAbbās (d.688?). Table of contents at opening (pp.1-6).</subfield></datafield><datafield tag="538" ind1=" " ind2=" "><subfield code="a">Mode of access: Internet.</subfield></datafield><datafield tag="541" ind1=" " ind2=" "><subfield code="a">Acquired in 1926 from the bookseller Isaac Benjamin S.E. Yahuda via purchase transacted on his behalf by Abraham Shalom Yahuda (1877-1951), his younger brother.</subfield></datafield><datafield tag="546" ind1=" " ind2=" "><subfield code="a">Arabic.</subfield></datafield><datafield tag="561" ind1=" " ind2=" "><subfield code="a">Inscription testing the ink on 'title page' (p.7), reads "تجربة المركب على القرطاس تجربة المركب الحمد لله" ; ownership statement (incomplete and partially effaced) in name of one Munlā Muṣṭafá ibn al-Ḥājj Ḥusayn ( منلا مصطفى بن الحاج حسين ) on final leaf (p.413) ; occasional waqf statement in margin "وقف في سبيل الله تعالى" ; occasional corrections.</subfield></datafield><datafield tag="630" ind1="0" ind2="0"><subfield code="a">Qurʼan.</subfield><subfield code="p">Sūrat al-Kahf</subfield></datafield><datafield tag="630" ind1="0" ind2="0"><subfield code="a">Seven sleepers of Ephesus</subfield><subfield code="v">Early works to 1800.</subfield></datafield><datafield tag="650" ind1=" " ind2="0"><subfield code="a">Manuscripts, Arabic</subfield><subfield code="z">Michigan</subfield><subfield code="z">Ann Arbor.</subfield></datafield><datafield tag="650" ind1=" " ind2="0"><subfield code="a">Islamic cosmology</subfield><subfield code="v">Early works to 1800.</subfield></datafield><datafield tag="650" ind1=" " ind2="0"><subfield code="a">Creation (Islam)</subfield><subfield code="v">Early works to 1800.</subfield></datafield><datafield tag="650" ind1=" " ind2="0"><subfield code="a">Islamic legends</subfield><subfield code="v">Early works to 1800.</subfield></datafield><datafield tag="650" ind1=" " ind2="0"><subfield code="a">Prophets, Pre-Islamic</subfield><subfield code="v">Early works to 1800.</subfield></datafield><datafield tag="700" ind1="0" ind2=" "><subfield code="6">880-07</subfield><subfield code="a">Ibrāhīm ibn Muṣṭafá,</subfield><subfield code="d">fl. 1751,</subfield><subfield code="e">copyist.</subfield></datafield><datafield tag="700" ind1="0" ind2="2"><subfield code="6">880-04</subfield><subfield code="a">ʻAbd Allāh ibn al-ʻAbbās,</subfield><subfield code="d">-688?</subfield><subfield code="t">Qiṣṣat Aṣḥāb al-Kahf.</subfield></datafield><datafield tag="740" ind1="0" ind2="2"><subfield code="a">Kıssatü Ashâbü'l-Kehf</subfield></datafield><datafield tag="740" ind1="0" ind2="2"><subfield code="6">880-05</subfield><subfield code="a">Qiṣṣahʼ-i Aṣḥāb-i Ahl al-kahf</subfield></datafield><datafield tag="740" ind1="0" ind2="2"><subfield code="6">880-05</subfield><subfield code="a">قصۀ اصحاب اهل الكهف</subfield></datafield><datafield tag="773" ind1="0" ind2=" "><subfield code="a">Yahuda Collection.</subfield></datafield><datafield tag="880" ind1="0" ind2=" "><subfield code="6">700-07/</subfield><subfield code="a">ابراهيم بن مصطفى,</subfield><subfield code="e">ناسخ.</subfield></datafield><datafield tag="880" ind1="0" ind2="2"><subfield code="6">740-05/</subfield><subfield code="a">Kıssa-yı Ashâb-i Ehli'l-Kehf</subfield></datafield><datafield tag="880" ind1="0" ind2="2"><subfield code="6">700-04/</subfield><subfield code="a">عبد الله بن العباس.</subfield><subfield code="t">قصة اصحاب الكهب.</subfield></datafield><datafield tag="880" ind1="1" ind2="0"><subfield code="6">245-03/</subfield><subfield code="a">[هذا كتاب قصص الانبياء ...الخ,</subfield><subfield code="f">1164ه، 1751م].</subfield></datafield><datafield tag="880" ind1="1" ind2="0"><subfield code="6">240-02/</subfield><subfield code="a">قصص الانبياء</subfield></datafield><datafield tag="880" ind1="1" ind2=" "><subfield code="6">100-01/</subfield><subfield code="a">كسائي، محمد بن عبد الله.</subfield></datafield><datafield tag="CID" ind1=" " ind2=" "><subfield code="a">006805276</subfield></datafield><datafield tag="DAT" ind1="0" ind2=" "><subfield code="a">20190719102637.0</subfield><subfield code="b">20190719000000.0</subfield></datafield><datafield tag="DAT" ind1="1" ind2=" "><subfield code="a">20190719090653.0</subfield><subfield code="b">2019-07-19T16:11:39Z</subfield></datafield><datafield tag="DAT" ind1="2" ind2=" "><subfield code="a">2015-10-02T18:00:03Z</subfield></datafield><datafield tag="CAT" ind1=" " ind2=" "><subfield code="a">SDR-MIU</subfield><subfield code="d">EX LIBRIS - ALEPH</subfield><subfield code="l">prepare.pl-004-008</subfield></datafield><datafield tag="FMT" ind1=" " ind2=" "><subfield code="a">BK</subfield></datafield><datafield tag="HOL" ind1=" " ind2=" "><subfield code="0">sdr-miu006805276</subfield><subfield code="a">MiU</subfield><subfield code="b">SDR</subfield><subfield code="c">MIU</subfield><subfield code="p">mdp.39015079127174</subfield><subfield code="s">MIU</subfield><subfield code="1">006805276</subfield></datafield><datafield tag="974" ind1=" " ind2=" "><subfield code="b">MIU</subfield><subfield code="c">MIU</subfield><subfield code="d">20190719</subfield><subfield code="s">lit-dlps-dc</subfield><subfield code="u">mdp.39015079127174</subfield><subfield code="y">1751</subfield><subfield code="r">pd</subfield><subfield code="q">bib</subfield><subfield code="t">non-US bib date1 &lt; 1879</subfield></datafield></record></collection>